@article{taneja2024impact,
  title={Evaluating the Impact of Water Harvesting for 4500+ Maasai in Communities in Monduli District, Arusha, Tanzania},
  author={Taneja, Roshan and Taneja, Yuvraj and Tayai, Mbayani},
  journal={National High School Journal of Science (NHSJS)},
  year={2024},
  month={10},
  url={https://nhsjs.com/2024/evaluating-the-impact-of-water-harvesting-for-4500-maasai-in-communities-in-monduli-district-arusha-tanzania/},
  note={Accessed: 2024-11-01}
}

@ARTICLE{9756893,
  author={Cheng, Keli and Popescu, Ilinca and Sheets, Lincoln and Scott, Grant J.},
  journal={IEEE Journal of Selected Topics in Applied Earth Observations and Remote Sensing}, 
  title={Analysis of Deep Learning Techniques for Maasai Boma Mapping in Tanzania}, 
  year={2022},
  volume={15},
  number={},
  pages={3916-3924},
  keywords={Medical services;Statistics;Sociology;Pediatrics;Internet;Deep learning;Visualization;Boma;broad area search (BAS);deep learning},
  doi={10.1109/JSTARS.2022.3167373}
}

@article{LI2020111953,
    title = {Deep-learning based high-resolution mapping shows woody vegetation densification in greater Maasai Mara ecosystem},
    journal = {Remote Sensing of Environment},
    volume = {247},
    pages = {111953},
    year = {2020},
    issn = {0034-4257},
    doi = {https://doi.org/10.1016/j.rse.2020.111953},
    url = {https://www.sciencedirect.com/science/article/pii/S0034425720303230},
    author = {Wang Li and Robert Buitenwerf and Michael Munk and Peder Klith Bøcher and Jens-Christian Svenning},
    keywords = {Maasai Mara, Savanna ecosystem, Woody densification, Vegetation fractional cover, Savanna vegetation classification, Sentinel-2, WorldView-3, Deep-learning},
}

@masterthesis{TanzaniaMasterThesis,
    author = {Kharid Mwakoba},
    title = {Remote sensing analysis of land cover/use conditions of community-based wildlife conservation areas in Tanzania},
    school = {Lund University},
    year = {2021}
}

@misc{vanetten2018look,
      title={You Only Look Twice: Rapid Multi-Scale Object Detection In Satellite Imagery}, 
      author={Adam Van Etten},
      year={2018},
      eprint={1805.09512},
      archivePrefix={arXiv},
      primaryClass={cs.CV}
}

@INPROCEEDINGS{9174593,
  author={Groener, Austen and Chern, Gary and Pritt, Mark},
  booktitle={2019 IEEE Applied Imagery Pattern Recognition Workshop (AIPR)}, 
  title={A Comparison of Deep Learning Object Detection Models for Satellite Imagery}, 
  year={2019},
  volume={},
  number={},
  pages={1-10},
  keywords={ATR;Object Detection;Deep Learning;Artificial Intelligence;Neural Networks;Machine Learning;Satellite Imagery},
  doi={10.1109/AIPR47015.2019.9174593}
}

@Article{Devi2022,
    author={Devi, N. Bharatha
    and Kavida, A. Celine
    and Murugan, R.},
    title={Feature Extraction and Object Detection Using Fast-Convolutional Neural Network for Remote Sensing Satellite Image},
    journal={Journal of the Indian Society of Remote Sensing},
    year={2022},
    month={Jun},
    day={01},
    volume={50},
    number={6},
    pages={961-973},
    issn={0974-3006},
    doi={10.1007/s12524-022-01506-x},
    url={https://doi.org/10.1007/s12524-022-01506-x}
}

@Article{7872448,
  author={Spröhnle, Kristin and Fuchs, Eva-Maria and Aravena Pelizari, Patrick},
  journal={IEEE Journal of Selected Topics in Applied Earth Observations and Remote Sensing}, 
  title={Object-Based Analysis and Fusion of Optical and SAR Satellite Data for Dwelling Detection in Refugee Camps}, 
  year={2017},
  volume={10},
  number={5},
  pages={1780-1791},
  keywords={Synthetic aperture radar;Optical sensors;Optical imaging;Satellites;Feature extraction;Adaptive optics;Optical network units;Data fusion;dwelling detection;feature extraction;object-based image analysis (OBIA);refugee camp mapping;rule-based classification;synthetic aperture radar (SAR);very high spatial resolution (VHSR) data},
  doi={10.1109/JSTARS.2017.2664982}
}

@Article{Amos2020,
    author={Amos, Caleb Christian
    and Ahmed, Amir
    and Rahman, Ataur},
    title={Sustainability in Water Provision in Rural Communities: the Feasibility of a Village Scale Rainwater Harvesting Scheme},
    journal={Water Resources Management},
    year={2020},
    month={Dec},
    day={01},
    volume={34},
    number={15},
    pages={4633-4647},
    issn={1573-1650},
    doi={10.1007/s11269-020-02679-1},
    url={https://doi.org/10.1007/s11269-020-02679-1}
}

@Article{Sample2014,
    author={Sample, David J.
    and Liu, Jia},
    title={Optimizing rainwater harvesting systems for the dual purposes of water supply and runoff capture},
    journal={Journal of Cleaner Production},
    year={2014},
    month={Jul},
    day={15},
    volume={75},
    pages={174-194},
    keywords={Rainwater harvesting; Model; Reliability; Runoff capture; Optimization; Water supply},
    issn={0959-6526},
    url={https://www.sciencedirect.com/science/article/pii/S0959652614003084}
}


@Article{s23135849,
    AUTHOR = {Adegun, Adekanmi Adeyinka and Fonou Dombeu, Jean Vincent and Viriri, Serestina and Odindi, John},
    TITLE = {State-of-the-Art Deep Learning Methods for Objects Detection in Remote Sensing Satellite Images},
    JOURNAL = {Sensors},
    VOLUME = {23},
    YEAR = {2023},
    NUMBER = {13},
    ARTICLE-NUMBER = {5849},
    URL = {https://www.mdpi.com/1424-8220/23/13/5849},
    PubMedID = {37447699},
    ISSN = {1424-8220},
    DOI = {10.3390/s23135849}
}

@article{MediumArticle,
    author = {Kendallfrimodig},
    title = {Efficient Object Detection Within Satellite Imagery Using Python},
    journal = {Medium.com},
    year = {2022},
    URL = {https://medium.com/@kendallfrimodig/efficient-object-detection-within-satellite-imagery-using-python-85331d71ff69}
}

@ARTICLE{Tahir2022-ie,
  title    = "Automatic Target Detection from Satellite Imagery Using Machine
              Learning",
  author   = "Tahir, Arsalan and Munawar, Hafiz Suliman and Akram, Junaid and
              Adil, Muhammad and Ali, Shehryar and Kouzani, Abbas Z and Mahmud,
              M A Pervez",
  journal  = "Sensors (Basel)",
  volume   =  {22},
  number   =  {3},
  month    =  {feb},
  year     =  {2022},
  address  = "Switzerland",
  keywords = "SIMRDWN; SSD; YOLO; deep learning; faster RCNN; satellite images",
  language = "en"
}

@article{IJERTV10IS060287,
    author = {Deepthi S , Sandeep Kumar and Dr. Suresh L},
    title = {Detection and Classification of Objects in Satellite Images using Custom CNN},
    journal = {IJERT},
    year = {2021},
    volume = {10},
    number = {3},
    ISSN = {2278-0181}
}

@misc{United_Nations,
    author = {UnitedNations},
    title = {Global Issues: Water},
    year={2021},
    url={https://www.un.org/en/global-issues/water},
    journal={United Nations},
    publisher={United Nations}
}



@article{richardson2023dense,
  author    = {Richardson, G. and others},
  title     = {Dense neural network outperforms other machine learning models for scaling-up lichen cover maps in Eastern Canada},
  journal   = {PLoS ONE},
  volume    = {18},
  number    = {11},
  pages     = {e0292839},
  year      = {2023},
  doi       = {10.1371/journal.pone.0292839},
  url       = {https://research.ebsco.com/linkprocessor/plink?id=21a96e6b-e83c-3406-8d8b-f8226382537c},
  note      = {Accessed: 25 Nov. 2024}
}

@article{liu2024stransu2net,
  author    = {Liu, G. and others},
  title     = {STransU2Net: Transformer based hybrid model for building segmentation in detailed satellite imagery},
  journal   = {PLoS ONE},
  volume    = {19},
  number    = {9},
  pages     = {e0299732},
  year      = {2024},
  doi       = {10.1371/journal.pone.0299732},
  url       = {https://research.ebsco.com/linkprocessor/plink?id=9dffa5b1-6f63-3824-95ad-a20489f67fdf},
  note      = {Accessed: 25 Nov. 2024}
}
@article{2010.06497,
    author ={
        Chern, Gary
        Pritt, Mark
    } ,
    title = {Satellite Image Classification with Deep Learning}
,
    journal ={arxiv} ,
    year = {2020}
}
